//High throughput computing

//CERN and the LHC experiment

//Energy performance and measurement
@inproceedings{QUESTIONS_ENERGY,
 author = {Pinto, Gustavo and Castor, Fernando and Liu, Yu David},
 title = {Mining Questions About Software Energy Consumption},
 booktitle = {Proceedings of the 11th Working Conference on Mining Software Repositories},
 series = {MSR 2014},
 year = {2014},
 isbn = {978-1-4503-2863-0},
 location = {Hyderabad, India},
 pages = {22--31},
 numpages = {10},
 url = {http://doi.acm.org/10.1145/2597073.2597110},
 doi = {10.1145/2597073.2597110},
 acmid = {2597110},
 publisher = {ACM},
 address = {New York, NY, USA},
 keywords = {Practitioners, Q\&A, Software Energy Consumption},
} 

@misc{STACKOVERFLOW,
  title = {Stack Overflow},
  howpublished = {\url{http://stackoverflow.com/}},
  note = {Accessed: 2014-10-27}
}


//ARM architecture
@article{ACAT13ARM,
  author={David Abdurachmanov and Peter Elmer and Giulio Eulisse and Shahzad Muzaffar},
  title={Initial explorations of ARM processors for scientific computing},
  journal={Journal of Physics: Conference Series},
  volume={523},
  number={1},
  pages={012009},
  url={http://stacks.iop.org/1742-6596/523/i=1/a=012009},
  year={2014},
}

@article{ACAT14ARMDAVID,
  author    = {David Abdurachmanov and
               Brian Bockelman and
               Peter Elmer and
               Giulio Eulisse and
               Robert Knight and
               Shahzad Muzaffar},
  title     = {Heterogeneous High Throughput Scientific Computing with {APM} X-Gene
               and Intel Xeon Phi},
  journal   = {CoRR},
  volume    = {abs/1410.3441},
  year      = {2014},
  url = {http://dblp.uni-trier.de/rec/bib/journals/corr/AbdurachmanovBEEKM14},
}

