
@book{GAMEOVER,
  title={The Future of Computing Performance:  Game Over or Next Level?},
  author={Samuel H. Fuller and Lynette I. Millett, Editors; Committee on Sustaining Growth in Computing Performance; National Research Council},
  isbn={9780309159517},
  url={http://www.nap.edu/openbook.php?record_id=12980},
  year={2011},
  publisher={The National Academies Press}
}

@article{CHEP2010PERF,
  author={M J Kortelainen and P Elmer and G Eulisse and V Innocente and C D Jones and L Tuura},
  title={The evolution of CMS software performance studies},
  journal={Journal of Physics: Conference Series},
  volume={331},
  number={4},
  pages={042013},
  url={http://stacks.iop.org/1742-6596/331/i=4/a=042013},
  year={2011},
}

@article{CHEP2009PERF,
  author={P Elmer and G Eulisse and L Tuura and V Innocente},
  title={{CMS} software performance strategies},
  journal={Proceedings of Computing in High Energy Physics (Prague, 2009)},
  year={2009},
}


@article{ACAT13ARM,
  author={David Abdurachmanov and Peter Elmer and Giulio Eulisse and Shahzad Muzaffar},
  title={Initial explorations of ARM processors for scientific computing},
  journal={Journal of Physics: Conference Series},
  volume={523},
  number={1},
  pages={012009},
  url={http://stacks.iop.org/1742-6596/523/i=1/a=012009},
  year={2014},
}

@article{CHEP13ARMPHI,
  author={David Abdurachmanov and Kapil Arya and Josh Bendavid and Tommaso Boccali and Gene Cooperman and Andrea Dotti and Peter
Elmer and Giulio Eulisse and Francesco Giacomini and Christopher D Jones and Matteo Manzali and Shahzad Muzaffar},
  title={Explorations of the viability of ARM and Xeon Phi for physics processing},
  journal={Journal of Physics: Conference Series},
  volume={513},
  number={5},
  pages={052008},
  url={http://stacks.iop.org/1742-6596/513/i=5/a=052008},
  year={2014},
}

@article{RAPL1,
  author  = "Balaji Subramaniam and Wu-chun Feng",
  title   = "Towards Energy-Proportional Computing for Enterprise-Class Server Workloads",
  year    = "2012",
  journal = "CPE '13 Proceedings of the 4th ACM/SPEC International Conference on Performance Engineering"
  
}

@manual{INTELMAN,
  title   =  "Intel 64 and IA-32 Software Developer Manuals -
Volume 3",
  address = "www.intel.com/content/www/us/en/processors/
architectures-software-developer-manuals.html" 
}

@misc{MSRTOOLS,
  title         = "MSR tools",
  howpublished  = "\url{https://01.org/msr-tools}",
  note          = {Last time accessed: 28-07-2014} 

}

@article{CMSHIGGS,
      author         = "Chatrchyan, S. and others",
      title          = "{Observation of a new boson at a mass of 125 GeV with the
                        CMS experiment at the LHC}",
      collaboration  = "CMS Collaboration",
      journal        = "Phys.Lett.",
      volume         = "B716",
      pages          = "30-61",
      doi            = "10.1016/j.physletb.2012.08.021",
      year           = "2012",
      eprint         = "1207.7235",
      archivePrefix  = "arXiv",
      primaryClass   = "hep-ex",
      reportNumber   = "CMS-HIG-12-028, CERN-PH-EP-2012-220",
      SLACcitation   = "%%CITATION = ARXIV:1207.7235;%%",
}


@article{ATLASHIGGS,
      author         = "Aad, G. and others",
      title          = "{Observation of a new particle in the search for the
                        Standard Model Higgs boson with the ATLAS detector at the
                        LHC}",
      collaboration  = "ATLAS Collaboration",
      journal        = "Phys.Lett.",
      volume         = "B716",
      pages          = "1-29",
      doi            = "10.1016/j.physletb.2012.08.020",
      year           = "2012",
      eprint         = "1207.7214",
      archivePrefix  = "arXiv",
      primaryClass   = "hep-ex",
      reportNumber   = "CERN-PH-EP-2012-218",
      SLACcitation   = "%%CITATION = ARXIV:1207.7214;%%",
}

@techreport{CMSCTDR,
  author = "G. L. Bayatyan et al.",
  title = "CMS Computing Technical Design Report",
  institution = "CERN",
  number = "CERN-LHCC-2005-023",
  year = "2005"
}

@article{CMSDET,
      author         = "Chatrchyan, S. and others",
      title          = "{The CMS experiment at the CERN LHC}",
      collaboration  = "CMS Collaboration",
      journal        = "JINST",
      volume         = "3",
      pages          = "S08004",
      doi            = "10.1088/1748-0221/3/08/S08004",
      year           = "2008",
      SLACcitation   = "%%CITATION = JINST,3,S08004;%%",
}

@article{LHCPAPER,
      author         = "Evans, Lyndon and Bryant, Philip",
      title          = "{LHC Machine}",
      journal        = "JINST",
      volume         = "3",
      pages          = "S08001",
      doi            = "10.1088/1748-0221/3/08/S08001",
      year           = "2008",
      SLACcitation   = "%%CITATION = JINST,3,S08001;%%",
}

@article{ATLAS,
  author = "Aad G et al (Atlas Collaboration)",
  title = "{The Atlas Experiment at the CERN Large Hadron Collider}",
  journal = "JINST",
  volume = "3",
  year = "S08003"
}

@article{WLHC,
  author = "Bird I",
  title = "{Computing for the Large Hadron Collider}",
  journal = "Annual Review of Nuclear and Particle Science",
  volume = "61",
  year = "2011"
}

}

